<?xml version="1.0" encoding="UTF-8"?><collection xmlns="http://www.loc.gov/MARC21/slim"><record><leader>00674nam--2200181-u-4500</leader><controlfield tag="001">000054940</controlfield><controlfield tag="002">20161230</controlfield><controlfield tag="005">20161230201051</controlfield><controlfield tag="008">120709s1000------------r-----000-0-fre-d</controlfield><datafield ind1=" " ind2=" " tag="040"><subfield code="a">IFIN-HH</subfield></datafield><datafield ind1=" " ind2=" " tag="041"><subfield code="a">fre</subfield></datafield><datafield ind1=" " ind2=" " tag="080"><subfield code="a">539.184.5:535.343.4(043)</subfield></datafield><datafield ind1="1" ind2=" " tag="100"><subfield code="a">Pellerin, Francois</subfield></datafield><datafield ind1="1" ind2="0" tag="245"><subfield code="a">Etude des structures fines de la distribution energetique des electrons emis sous bombardement electronique par une surface d'aluminium propre et de leur modification au cours de l'adsorption d'oxygene ou de la segregation de carbone</subfield><subfield code="b">These</subfield><subfield code="c">Francois pellerin</subfield></datafield><datafield ind1=" " ind2=" " tag="260"><subfield code="a">Paris</subfield><subfield code="b">Universite</subfield><subfield code="c">1981</subfield></datafield><datafield ind1=" " ind2=" " tag="300"><subfield code="a">153P</subfield></datafield><datafield ind1=" " ind2=" " tag="852"><subfield code="a">71096</subfield><subfield code="c">539.18</subfield></datafield><datafield ind1=" " ind2=" " tag="CAT"><subfield code="a">Sys</subfield><subfield code="c">20120709</subfield><subfield code="h">112810</subfield></datafield></record></collection>